% Encoding: UTF-8

@Article{HinzH1:2009,
  author     = {Hinz, Heinz and Kunz, Kurt},
  title      = {Wie zitiere ich in Latex},
  journal    = {Latex Monthly},
  year       = {2009},
  volume     = {3},
  number     = {1},
  pages      = {27--39},
  shorttitle = {{\LaTeX} zitieren},
}

@Comment{jabref-meta: databaseType:biblatex;}
